@article{surv:kerschke2019automated,
  title={Automated algorithm selection: Survey and perspectives},
  author={Kerschke, Pascal and Hoos, Holger H and Neumann, Frank and Trautmann, Heike},
  journal={Evolutionary computation},
  volume={27},
  number={1},
  pages={3--45},
  year={2019},
  publisher={MIT Press}
}

@inproceedings{autosklearn:feurer2015efficient,
	title={Efficient and robust automated machine learning},
	author={Feurer, Matthias and Klein, Aaron and Eggensperger, Katharina and Springenberg, Jost and Blum, Manuel and Hutter, Frank},
	booktitle={Advances in neural information processing systems},
	pages={2962--2970},
	year={2015}
}

@article{irace:lopez2016irace,
	title={The irace package: Iterated racing for automatic algorithm configuration},
	author={L{\'o}pez-Ib{\'a}{\~n}ez, Manuel and Dubois-Lacoste, J{\'e}r{\'e}mie and C{\'a}ceres, Leslie P{\'e}rez and Birattari, Mauro and St{\"u}tzle, Thomas},
	journal={Operations Research Perspectives},
	volume={3},
	pages={43--58},
	year={2016},
	publisher={Elsevier}
}

@article{surv:drake2019recent,
	title={Recent advances in selection hyper-heuristics},
	author={Drake, John H and Kheiri, Ahmed and {\"O}zcan, Ender and Burke, Edmund K},
	journal={European Journal of Operational Research},
	year={2019},
	publisher={Elsevier}
}
